<record><leader>00000cas a22000007a 4500</leader><controlfield tag="001">15512700</controlfield><controlfield tag="008">870410d18951898iauir ne      0    0eng d</controlfield><datafield ind1=" " ind2=" " tag="010"><subfield code="a">sn 87058126 </subfield></datafield><datafield ind1=" " ind2=" " tag="040"><subfield code="a">INP</subfield><subfield code="b">eng</subfield><subfield code="c">INP</subfield><subfield code="d">OCLCQ</subfield></datafield><datafield ind1=" " ind2=" " tag="042"><subfield code="a">msc</subfield></datafield><datafield ind1="0" ind2="0" tag="245"><subfield code="a">Clinton every other day herald.</subfield></datafield><datafield ind1="3" ind2="0" tag="246"><subfield code="a">Clinton herald</subfield></datafield><datafield ind1="1" ind2="3" tag="246"><subfield code="a">Tri-weekly herald</subfield></datafield><datafield ind1=" " ind2=" " tag="260"><subfield code="a">Clinton, Iowa :</subfield><subfield code="b">Clinton Herald Co.,</subfield><subfield code="c">1895-1898.</subfield></datafield><datafield ind1=" " ind2=" " tag="300"><subfield code="a">4 v.</subfield></datafield><datafield ind1=" " ind2=" " tag="310"><subfield code="a">Triweekly</subfield></datafield><datafield ind1="0" ind2=" " tag="362"><subfield code="a">Vol. 39, no. 20 (Feb. 14, 1895)-v. 42, no. 102 (Sept. 3, 1898).</subfield></datafield><datafield ind1=" " ind2=" " tag="500"><subfield code="a">"Every other day" appears between title words: Clinton herald, &lt;Mar. 23, 1895&gt;-Sept. 3, 1898.</subfield></datafield><datafield ind1=" " ind2=" " tag="752"><subfield code="a">United States</subfield><subfield code="b">Iowa</subfield><subfield code="c">Clinton</subfield><subfield code="d">Clinton.</subfield></datafield><datafield ind1="0" ind2="0" tag="780"><subfield code="t">Clinton herald (Clinton, Iowa : 1894)</subfield><subfield code="w">(DLC)sn 87058125</subfield></datafield><datafield ind1="0" ind2="0" tag="785"><subfield code="t">Clinton tri-weekly herald</subfield><subfield code="w">(DLC)sn 87058127</subfield></datafield></record>